@BOOK{BE98b,
   AUTHOR = "Allan Borodin and Ran El-Yaniv",
   TITLE = "Online Computation and Competitive Analysis",
   PUBLISHER = "Cambridge University Press",
   YEAR = 1998
}

@INPROCEEDINGS{BFL05p,
   AUTHOR = "Joan Boyar and Lene M. Favrholdt and Kim S. Larsen",
   TITLE = "The Relative Worst Order Ratio Applied to Paging",
   BOOKTITLE = "Sixteenth Annual ACM-SIAM Symposium on Discrete Algorithms",
   PAGES = "718--727",
   PUBLISHER = "ACM Press",
   YEAR = 2005
}

@ARTICLE{EL13j,
   AUTHOR = "Martin R. Ehmsen and Kim S. Larsen",
   TITLE = "{A Technique for Exact Computation of Precoloring Extension
             on Interval Graphs}",
   JOURNAL = "International Journal of Foundations of Computer Science",
   VOLUME = 24,
   NUMBER = 1,
   PAGES = "109--122",
   YEAR = 2013
}
